
@incollection{berrah99,
	author = {Berrah, A.-R. and Laboissi\`ere, R.},
    editor = {D. Floreano, J.-D. Nicoud and F. Mondada},
	title = {Spe­cies: An evolutionary model for the emergence of phonetic structures in an artificial society of speech agents},
    booktitle = {Advances in artificial life, lecture notes in artificial intelligence},
    publisher = {Springer Berlin},
	volume = "1674",
    pages = "674-678",
	year = "1999"
}

@article{cooper52,
    author = "Cooper, F. S. and Delattre, P. C. and Liberman, A. M. and Borst, J. M., and Gerstman, L. J.",
    title  = "Some experiments on the per­ception of synthetic speech sounds",
    journal = "Journal of the Acoustical Society of America",
    volume = "24",
    pages = "597-606",
    year = "1952"
}

@incollection{crothers78,
    author = "Crothers, J.",
    editor = {J. H. Greenberg and C. A. Fer­guson and E. A. Moravcsik},
    title  = "Typology and universals of vowel systems",
    booktitle = "Univer­sals of human language",
    publisher = {Stanford: Stanford Uni­versity Press},
    volume = "2 Phonology",
    pages = "93-152",
    year = "1975"
}

@book{dawkins76,
    author    = "Dawkins, R.",
    title     = "The selfish gene.",
    publisher = "Oxford: Oxfor university press",
    year      = "1976"
}

@incollection{kirby98,
    author = "Kirby, S.",
    editor = "J. R. Hurford and M. Studdert-Kennedy and C. Knight",
    title = "Fitness and the selective adapta­tion of language",
    booktitle = "Approaches to the evolution of language",
    publisher = "Cambridge: Cambridge University Press",
    pages = "359-383",
    year = "1998"
}

@book{kirby99,
    author = "Kirby, S.",
    title = "Function, selection and in­nateness: The emergence of language universals",
    publisher = "Oxford: Oxford University Press",
    year = "1999"
}

@incollection{kirby00,
    author = "Kirby, S.",
    editor = "C. Knight",
    title = "Syntax without natural selection: How compositionality emerges from vo­cabulary in a population of learners",
    booktitle = "The evolu­tionary emergence of language: Social function and the origins of lin­guistic form",
    publisher = "Cambridge: Cambridge University Press",
    pages = "303-323",
    year = "2000"
}

@mastersthesis{oliphant93,
    author = "Oliphant, M.",
    title = "Conditions for the evo­lution of saussurean communication",
    school = "University of California, San Diego",
    year = "1993"
}

@article{oliphant96,
    author = "Oliphant, M.",
    title = "The dilemma of saus­surean communication",
    journal = "Biosystems",
    volume = {37(1-2)},
    pages = "31-38",
    year = "1996"
}

@article{schwartz97,
    author = {Schwartz, J.-L. and Bo\"e, L.-J. and Vall\'ee, N. and Abry, C.},
    title = "Major trends in vowel system inven­tories",
    journal = "Journal of Phonetics",
    volume = "25",
    pages = "233-235",
    year = "1997"
}